<?xml version="1.0" encoding="UTF-8"?><record xmlns="http://www.loc.gov/MARC21/slim" xmlns:cinclude="http://apache.org/cocoon/include/1.0" xmlns:zs="http://www.loc.gov/zing/srw/">
  <leader>00917cz  a2200241n  4500</leader>
  <controlfield tag="001">n 2011043326</controlfield>
  <controlfield tag="003">DLC</controlfield>
  <controlfield tag="005">20130327081625.0</controlfield>
  <controlfield tag="008">110627n| azannaabn          |b aaa      </controlfield>
  <datafield tag="010" ind1=" " ind2=" ">
    <subfield code="a">n 2011043326</subfield>
  </datafield>
  <datafield tag="040" ind1=" " ind2=" ">
    <subfield code="a">DLC</subfield>
    <subfield code="b">eng</subfield>
    <subfield code="e">rda</subfield>
    <subfield code="c">DLC</subfield>
    <subfield code="d">DLC</subfield>
  </datafield>
  <datafield tag="046" ind1=" " ind2=" ">
    <subfield code="s">1690</subfield>
  </datafield>
  <datafield tag="100" ind1="0" ind2=" ">
    <subfield code="a">Kazuki no Amanoko,</subfield>
    <subfield code="d">active 1690</subfield>
  </datafield>
  <datafield tag="400" ind1="1" ind2=" ">
    <subfield code="a">Kazuki,  Amanoko,</subfield>
    <subfield code="d">active 1690</subfield>
  </datafield>
  <datafield tag="400" ind1="0" ind2=" ">
    <subfield code="w">nnea</subfield>
    <subfield code="a">Kazuki no Amanoko,</subfield>
    <subfield code="d">fl. 1690</subfield>
  </datafield>
  <datafield tag="400" ind1="0" ind2=" ">
    <subfield code="a">Sentanshi,</subfield>
    <subfield code="d">active 1690</subfield>
  </datafield>
  <datafield tag="400" ind1="0" ind2=" ">
    <subfield code="a">潜蜑子,</subfield>
    <subfield code="d">active 1690</subfield>
  </datafield>
  <datafield tag="667" ind1=" " ind2=" ">
    <subfield code="a">Non-Latin script reference not evaluated</subfield>
  </datafield>
  <datafield tag="670" ind1=" " ind2=" ">
    <subfield code="a">Rokuroku kaiawase waka, [1690]:</subfield>
    <subfield code="b">pref. (潜蜑子, Kazuki no Amanoko, r.)</subfield>
  </datafield>
  <datafield tag="670" ind1=" " ind2=" ">
    <subfield code="a">NDL-OPAC, 2011-06-27:</subfield>
    <subfield code="b">(hdg.: 潜蜑子 (せんたんし))</subfield>
  </datafield>
  <datafield tag="670" ind1=" " ind2=" ">
    <subfield code="a">Kotenseki sōgō mokuroku, 2011-06-27:</subfield>
    <subfield code="b">(hdg.: 潜蜑子 (せんたんし))</subfield>
  </datafield>
  <datafield tag="670" ind1=" " ind2=" ">
    <subfield code="a">Google, 2011-06-27:</subfield>
    <subfield code="b">(hdg.: 潜蜑子, Kazuki no Amanoko, r.)</subfield>
  </datafield>
  <datafield tag="675" ind1=" " ind2=" ">
    <subfield code="a">Nihon koten bungaku daijiten (not listed)</subfield>
  </datafield>
</record>